@inproceedings{labeled,
 author = {Murphy VII, Tom and Crary, Karl and Harper, Robert and Pfenning, Frank},
 title = {A Symmetric Modal Lambda Calculus for Distributed Computing},
 booktitle = {Proceedings of the 19th Annual IEEE Symposium on Logic in Computer Science},
 series = {LICS '04},
 year = {2004},
 isbn = {0-7695-2192-4},
 pages = {286--295},
 numpages = {10},
 url = {http://dx.doi.org/10.1109/LICS.2004.7},
 doi = {10.1109/LICS.2004.7},
 acmid = {1021865},
 publisher = {IEEE Computer Society},
 address = {Washington, DC, USA},
} 

@inproceedings{labelfree,
 author = {Galmiche, Didier and Salhi, Yakoub},
 title = {Label-free proof systems for intuitionistic modal logic IS5},
 booktitle = {Proceedings of the 16th international conference on Logic for programming, artificial intelligence, and reasoning},
 series = {LPAR'10},
 year = {2010},
 isbn = {3-642-17510-4, 978-3-642-17510-7},
 location = {Dakar, Senegal},
 pages = {255--271},
 numpages = {17},
 url = {http://dl.acm.org/citation.cfm?id=1939141.1939156},
 acmid = {1939156},
 publisher = {Springer-Verlag},
 address = {Berlin, Heidelberg},
} 

@phdthesis{labeledphd,
 author = {Murphy VII, Tom},
 advisor = {Harper, Robert and Crary, Karl},
 title = {Modal types for mobile code},
 year = {2008},
 isbn = {978-0-549-64267-1},
 note = {AAI3314655},
 publisher = {Carnegie Mellon University},
 address = {Pittsburgh, PA, USA},
} 

@phdthesis{simpson,
    author = {Simpson, Alex K.},
    keywords = {kriple-models, modal-logic, natural-deduction, rg-2009},
    posted-at = {2009-09-09 07:16:47},
    priority = {2},
    school = {University of Edinburgh},
    title = {{The Proof Theory and Semantics of Intuitionistic Modal Logic}},
    url = {http://homepages.inf.ed.ac.uk/als/Research/thesis.ps.gz},
    year = {1994}
}

@inproceedings{metatheory,
  title = {Engineering formal metatheory},
  author = {Brian E. Aydemir and Arthur Charguéraud and Benjamin C. Pierce and Randy Pollack and Stephanie Weirich},
  year = {2008},
  pages = {3-15},
  booktitle = {Proceedings of the 35th ACM SIGPLAN-SIGACT Symposium on Principles of Programming Languages, POPL 2008, San Francisco, California, USA, January 7-12, 2008},
  editor = {George C. Necula and Philip Wadler},
  publisher = {ACM},
  isbn = {978-1-59593-689-9},
}

@article {locallynameless,
   author = "Arthur Chargu{\'e}raud",
   title = "The Locally Nameless Representation",
   journal = "Journal of Automated Reasoning",
   publisher = "Springer Netherlands",
   issn = "0168-7433",
   pages = "1-46",
   note = "10.1007/s10817-011-9225-2",
   year = "2011",
   mon = may,
}

@book{girard,
 author = {Girard, Jean-Yves and Taylor, Paul and Lafont, Yves},
 title = {Proofs and types},
 year = {1989},
 isbn = {0-521-37181-3},
 publisher = {Cambridge University Press},
 address = {New York, NY, USA},
} 

@INPROCEEDINGS{coqnormalization,
    author = {Ulrich Berger and Stefan Berghofer and Pierre Letouzey and Helmut Schwichtenberg},
    title = {Program extraction from normalization proofs},
    booktitle = {Typed Lambda Calculi and Applications, number 664 in Lecture Notes in Computer Science},
    year = {1993},
    pages = {91--106},
    publisher = {Springer Verlag}
}

@inproceedings{modalnormalization,
 author = {Lindley, Sam and Stark, Ian},
 title = {Reducibility and $\top \top$-lifting for computation types},
 booktitle = {Proceedings of the 7th international conference on Typed Lambda Calculi and Applications},
 series = {TLCA'05},
 year = {2005},
 isbn = {3-540-25593-1, 978-3-540-25593-2},
 location = {Nara, Japan},
 pages = {262--277},
 numpages = {16},
 url = {http://dx.doi.org/10.1007/11417170_20},
 doi = {10.1007/11417170_20},
 acmid = {2155858},
 publisher = {Springer-Verlag},
 address = {Berlin, Heidelberg},
} 

@article{stagedcomp,
 author = {Pfenning, Frank and Davies, Rowan},
 title = {A judgmental reconstruction of modal logic},
 journal = {Mathematical. Structures in Comp. Sci.},
 issue_date = {August 2001},
 volume = {11},
 number = {4},
 month = aug,
 year = {2001},
 issn = {0960-1295},
 pages = {511--540},
 numpages = {30},
 url = {http://dx.doi.org/10.1017/S0960129501003322},
 doi = {10.1017/S0960129501003322},
 acmid = {966902},
 publisher = {Cambridge University Press},
 address = {New York, NY, USA},
} 

@InCollection{sep-logic-modal-origins,
	author       =	{Ballarin, Roberta},
	title        =	{Modern Origins of Modal Logic},
	booktitle    =	{The Stanford Encyclopedia of Philosophy},
	editor       =	{Edward N. Zalta},
	howpublished =	{\url{http://plato.stanford.edu/archives/win2010/entries/logic-modal-origins/}},
	year         =	{2010},
	edition      =	{Winter 2010},
}

@InCollection{sep-modality-medieval,
	author       =	{Knuuttila, Simo},
	title        =	{Medieval Theories of Modality},
	booktitle    =	{The Stanford Encyclopedia of Philosophy},
	editor       =	{Edward N. Zalta},
	howpublished =	{\url{http://plato.stanford.edu/archives/spr2013/entries/modality-medieval/}},
	year         =	{2013},
	edition      =	{Spring 2013},
}

@article{kripke59,
  author    = {Kripke, Saul},
  title     = {A Completeness Theorem in Modal Logic},
  journal   = {J. Symb. Log.},
  volume    = {24},
  number    = {1},
  year      = {1959},
  pages     = {1-14},
  bibsource = {DBLP, http://dblp.uni-trier.de}
}

@book{fitch52,
   title = "Symbolic logic : An introduction.",
   author = "Fitch, Frederic Brenton",
   publisher = "The Ronald Press Company, Cop.",
   address = "New York",
   url = "http://opac.inria.fr/record=b1095378",
   year = 1952
}

@book{prior55,
	author = {Prior, A. N.},
	title = {Time and Modality},
	publisher = {Greenwood Press},
	year = {1955}
}

@article{coq_coc,
 author = {Coquand, Thierry and Huet, Gerard},
 title = {The calculus of constructions},
 journal = {Inf. Comput.},
 issue_date = {February/March 1988},
 volume = {76},
 number = {2-3},
 month = feb,
 year = {1988},
 issn = {0890-5401},
 pages = {95--120},
 numpages = {26},
 url = {http://dx.doi.org/10.1016/0890-5401(88)90005-3},
 doi = {10.1016/0890-5401(88)90005-3},
 acmid = {47725},
 publisher = {Academic Press, Inc.},
 address = {Duluth, MN, USA},
} 

@inproceedings{ml5,
  author = {Murphy, VII, Tom and Karl Crary and Robert Harper},
  title = {Type-safe Distributed Programming with {ML5}},
  month = {November},
  year = {2007},
  location = {Sophia-Antipolis, France},
  booktitle = {Trustworthy Global Computing 2007}
}

@inproceedings{gridml,
  title = {Grid {ML} Programming with {ConCert}},
  author = {Murphy, VII, Tom},
  month = {September},
  year = {2006},
  location = {Portland, Oregon},
  booktitle = {{ML} Workshop 2006}
}

@InProceedings{charg08,
   author = "Brian E. Aydemir and Arthur Chargu{\'e}raud and Benjamin C. Pierce and Randy Pollack and Stephanie Weirich",
   title = "Engineering formal metatheory",
   year = "2008",
   pages = "3--15",
   editor = "George C. Necula and Philip Wadler",
   publisher = "ACM",
   booktitle = "Proceeding of the 35th {ACM} {SIGPLAN}-{SIGACT} Symposium on Principles of Programming Languages ({POPL})",
   url = "http://arthur.chargueraud.org/research/2007/binders/",
}

@article {charg11,
   author = "Arthur Chargu{\'e}raud",
   title = "The Locally Nameless Representation",
   journal = "Journal of Automated Reasoning",
   publisher = "Springer Netherlands",
   issn = "0168-7433",
   pages = "1-46",
   note = "10.1007/s10817-011-9225-2",
   year = "2011",
   mon = may,
}
@inproceedings{plotkin1986,
  title = {A Framework for Intuitionistic Modal Logics},
  author = {Gordon D. Plotkin and Colin Stirling},
  year = {1986},
  tags = {logic, modal logic},
  researchr = {http://researchr.org/publication/PlotkinS86},
  cites = {0},
  citedby = {0},
  pages = {399-406},
  booktitle = {Proceedings of the 1st Conference on Theoretical Aspects of Reasoning about Knowledge, Monterey, CA, March 1986},
  editor = {Joseph Y. Halpern},
  publisher = {Morgan Kaufmann},
  isbn = {0-934613-04-4},
}

@article{contextmabi,
 author = {Biernacka, Małgorzata and Biernacki, Dariusz},
 title = {A Context-based Approach to Proving Termination of Evaluation},
 journal = {Electron. Notes Theor. Comput. Sci.},
 issue_date = {August, 2009},
 volume = {249},
 month = aug,
 year = {2009},
 issn = {1571-0661},
 pages = {169--192},
 numpages = {24},
 url = {http://dx.doi.org/10.1016/j.entcs.2009.07.090},
 doi = {10.1016/j.entcs.2009.07.090},
 acmid = {1595110},
 publisher = {Elsevier Science Publishers B. V.},
 address = {Amsterdam, The Netherlands, The Netherlands},
 keywords = {control operators, evaluation context, normalization by evaluation, reduction semantics, weak head normalization},
} 